@InProceedings{FrRo2010Diffusion,
  author = {{Frederix}, Yves and {Roose}, Dirk},
  title = "A drift-filtered approach to diffusion estimation for
    multiscale processes",
  booktitle = {Coping with complexity: model reduction and data analysis},
  year =  {2010},
  volume = {75},
  series = {Lecture Notes in Computational Science and Engineering},
  publisher = {Springer-Verlag},
}

@phdthesis{Meert2011PhD,
	Author = {Meert, Wannes},
	Month = Mar,
	Note = {Blockeel, Hendrik (supervisor)},
	Pages = {188 + xix},
	School = {Informatics Section, Department of Computer Science, Faculty of Engineering},
	Title = {Inference and Learning for Directed Probabilistic Logic Models},
	Url = {https://lirias.kuleuven.be/handle/123456789/298694},
	Year = {2011},
}

@inproceedings{VandenBroeck2011IJCAI,
	Author = {Van den Broeck, Guy and Taghipour, Nima and Meert, Wannes and Davis, Jesse and De Raedt, Luc},
	Title = {Lifted probabilistic inference by first-order knowledge compilation},
	Booktitle = {Proceedings of the 22th International Joint Conference on Artificial Intelligence (IJCAI)},
	Eventdate = {2011-07-16/2011-07-22},
	Eventtitle = {22th International Joint Conference on Artificial Intelligence (IJCAI)},
	Keywords = {ijcai},
	Read = {Yes},
	Venue = {Barcelona, Spain},
	Year = {2011}
}

